@article{fruehwald2016,
    title   = {Filled Pause Choice as a Sociolinguistic Variable},
    author  = {Fruehwald, Josef},
    journal = {University of Pennsylvania Working Papers in Linguistics},
    volume  = {22},
    number  = {2},
    pages   = {6},
    year    = {2016}
}

@article{tottie2011,
    title     = {Uh and um as sociolinguistic markers in {British {E}nglish}},
    author    = {Tottie, Gunnel},
    journal   = {International Journal of Corpus Linguistics},
    volume    = {16},
    number    = {2},
    pages     = {173--197},
    year      = {2011},
    publisher = {John Benjamins Publishing Company}
}

@article{tottie2017,
    title     = {From pause to word: \emph{uh}, \emph{um} and \emph{er} in written {American {E}nglish}},
    author    = {Tottie, Gunnel},
    journal   = {English Language \& Linguistics},
    pages     = {1--26},
    year      = {2017},
    publisher = {Cambridge University Press}
}

@article{wielingetal2016,
    title     = {{Variation and change in the use of hesitation markers in Germanic languages}},
    author    = {Wieling, Martijn and Grieve, Jack and Bouma, Gosse and Fruehwald, Josef and Coleman, John and Liberman, Mark},
    journal   = {Language Dynamics and Change},
    volume    = {6},
    number    = {2},
    pages     = {199--234},
    year      = {2016},
    publisher = {Brill}
}
